@article{Albani16,
author = {Albani, Samuel and Mahowald, N. M. and Murphy, L. N. and Raiswell, Robert and Moore, J. K. and Anderson, Robert F. and McGee, D. and Bradtmiller, L. I. and Delmonte, B. and Hesse, P. P. and Mayewski, P. A.},
doi = {10.1002/2016GL067911},
journal = {Geophysical Research Letters},
number = {8},
pages = {3944--3954},
title = {{Paleodust variability since the Last Glacial Maximum and implications for iron inputs to the ocean}},
volume = {43},
year = {2016}
}

@incollection{Antonov10,
author = {Antonov, J. I and Seidov, D. and Boyer, T. P. and Locarnini, R. A. and Mishonov, A. V. and Garcia, H. E. and Baranova, O. K. and Zweng, M. M. and Johnson, D. R.},
title = {{World Ocean Atlas 2009, Volume 2: Salinity}},
editor = {S. Levitus},
booktitle={NOAA Atlas NESDIS 69},
publisher={U.S. Government Printing Office, Washington, D.C.},
pages={184},
year = {2010}
}

@TechReport{ETOPO2,
  author = 	 {{NOAA National Geophysical Data Center}},
  title = 	 {{2-minute Gridded Global Relief Data (ETOPO2) v2}},
  institution =  {NOAA National Centers for Environmental Information},
  year = 	 {2006},
  doi = {10.7289/V5J1012Q}
}

@BOOKLET{Garcia10,
  title = {{World Ocean Atlas 2009 Volume 4: Nutrients (Phosphate, Nitrate,
	And Silicate)}},
  author = {Garcia, H. E. and R. A. Locarnini and T. P. Boyer and J. I. Antonov
	and M. M. Zweng and O. K. Baranova and D. R. Johnson},
  year = {2010},
  date-added = {2012-12-13 13:54:05 +0000},
  date-modified = {2012-12-13 14:56:26 +0000},
  editor = {S. Levitus},
  journal = {NOAA Atlas NESDIS 71},
  number = {398pp},
  publisher = {U.S. Government Printing Office, Washington, D.C.,}
}

@incollection{Locarnini10,
author = {Locarnini, R. A. and Mishonov, A. V. and Antonov, J. I and Boyer, T. P. and Garcia, H. E. and Baranova, O. K. and Zweng, M. M. and Johnson, D. R.},
title = {{World Ocean Atlas 2009, Volume 1: Temperature}},
editor = {S. Levitus},
booktitle={NOAA Atlas NESDIS 68},
publisher={U.S. Government Printing Office, Washington, D.C.},
pages={184},
year = {2010}
}

@article{Mahowald03,
  title={Interannual variability in atmospheric mineral aerosols from a
  22-year model simulation and observational data},
  author={Mahowald, Natalie and Luo, Chao and Del Corral, John and Zender, Charles S},
  journal={Journal of Geophysical Research: Atmospheres},
  volume={108},
  number={D12},
  year={2003},
}

@article{Schlitzer18,
author = {Schlitzer, Reiner and Anderson, Robert F. and Dodas, Elena
                  Masferrer and Lohan, Maeve and Geibert, Walter and
                  Tagliabue, Alessandro and Bowie, Andrew and Jeandel,
                  Catherine and Maldonado, Maria T. and Landing,
                  William M. and Cockwell, Donna and 
                  Peter L. and Nakaguchi, Yuzuru and others},
doi = {10.1016/j.chemgeo.2018.05.040},
file = {:Users/cvoelker/pdfs{\_}annual/2018/Schlitzer18ChemGeol.pdf:pdf},
issn = {00092541},
journal = {Chemical Geology},
keywords = {Electronic atlas,GEOTRACES,IDP2017,Isotopes,Trace elements},
pages = {210--223},
title = {{The GEOTRACES Intermediate Data Product 2017}},
volume = {493},
year = {2018}
}

@article{Tagliabue10,
author = {Tagliabue, Alessandro and Bopp, Laurent and Dutay, Jean-Claude and Bowie, Andrew R. and Chever, Fanny and Jean-Baptiste, Philippe and Bucciarelli, Eva and Lannuzel, Delphine and Remenyi, Tomas and Sarthou, G{\'{e}}raldine and Aumont, Olivier and Gehlen, Marion and Jeandel, Catherine},
doi = {10.1038/ngeo818},
journal = {Nature Geoscience},
number = {4},
pages = {252--256},
title = {{Hydrothermal contribution to the oceanic dissolved iron inventory}},
volume = {3},
year = {2010}
}

@Unpublished{Voelker21,
  author = 	 {V\"{o}lker, Christoph and Ye, Ying},
  title = 	 {Feedbacks between ocean productivity and organic
  iron complexation in reaction to changes in ocean iron supply},
  note = 	 {in preparation},
  OPTkey = 	 {},
  month = 	 {July},
  year = 	 {2021},
  OPTannote = 	 {}
}

